<collection xmlns="http://www.loc.gov/MARC21/slim">
<record>
  <leader>02068nam0a2200337 i 450 </leader>
  <controlfield tag="001">IT\ICCU\CNCE\016046</controlfield>
  <controlfield tag="005">20120709000000.0</controlfield>
  <datafield tag="012" ind1=" " ind2=" ">
    <subfield code="a">i-me u*to o-a- capr (3) 1564 (R)</subfield>
    <subfield code="2">fei</subfield>
  </datafield>
  <datafield tag="100" ind1=" " ind2=" ">
    <subfield code="a">19970101d1564        0itac0103    ba</subfield>
  </datafield>
  <datafield tag="101" ind1=" " ind2=" ">
    <subfield code="a">LAT</subfield>
  </datafield>
  <datafield tag="102" ind1=" " ind2=" ">
    <subfield code="a">IT</subfield>
  </datafield>
  <datafield tag="200" ind1="1" ind2=" ">
    <subfield code="a">℗Augustini Dathi Senensis ℗Elegantiae in suam veram formam restitutae: eiusdemque de nouem verbis, necnon et flosculorum libellus. Addito insuper opusculo de conficiendis epistolis, clarissimi oratoris Laurentij Vallensis. Quibus insertae sunt omnes Grecae dictiones, que prius deerant, &amp; apprime desiderabantur. Omnia accuratiori cura quam vnquam antehac excussa</subfield>
  </datafield>
  <datafield tag="210" ind1=" " ind2=" ">
    <subfield code="a">Venetiis</subfield>
    <subfield code="c">\Francesco Di Leno!</subfield>
    <subfield code="d">1564</subfield>
    <subfield code="e">Impressum Venetiis</subfield>
    <subfield code="g">apud Franciscum de Lenijs</subfield>
    <subfield code="h">1564</subfield>
  </datafield>
  <datafield tag="215" ind1=" " ind2=" ">
    <subfield code="a">63, \1! c.</subfield>
    <subfield code="d">8ʻ</subfield>
  </datafield>
  <datafield tag="620" ind1=" " ind2=" ">
    <subfield code="a">IT</subfield>
    <subfield code="d">Venezia</subfield>
  </datafield>
  <datafield tag="700" ind1=" " ind2="1">
    <subfield code="a">Dati,</subfield>
    <subfield code="b">Agostino</subfield>
    <subfield code="3">IT\ICCU\CNCA\004624</subfield>
  </datafield>
  <datafield tag="702" ind1=" " ind2="1">
    <subfield code="a">Valla,</subfield>
    <subfield code="b">Lorenzo</subfield>
    <subfield code="3">IT\ICCU\CNCA\000045</subfield>
  </datafield>
  <datafield tag="712" ind1="0" ind2="0">
    <subfield code="a">Di_Leno, Francesco</subfield>
    <subfield code="3">IT\ICCU\CNCT\002847</subfield>
    <subfield code="4">650</subfield>
  </datafield>
  <datafield tag="790" ind1=" " ind2="1">
    <subfield code="a">Dathus,</subfield>
    <subfield code="b">Augustinus</subfield>
    <subfield code="3">IT\ICCU\CNCA\015270</subfield>
    <subfield code="z">Dati, Agostino</subfield>
  </datafield>
  <datafield tag="790" ind1=" " ind2="1">
    <subfield code="a">Datus,</subfield>
    <subfield code="b">Augustinus</subfield>
    <subfield code="3">IT\ICCU\CNCA\022219</subfield>
    <subfield code="z">Dati, Agostino</subfield>
  </datafield>
  <datafield tag="791" ind1="0" ind2="2">
    <subfield code="a">Francesco di Leno</subfield>
    <subfield code="3">IT\ICCU\CNCT\000241</subfield>
    <subfield code="z">Di_Leno, Francesco</subfield>
  </datafield>
  <datafield tag="791" ind1="0" ind2="0">
    <subfield code="a">Leno, Francesco de</subfield>
    <subfield code="3">IT\ICCU\CNCT\002848</subfield>
    <subfield code="z">Di_Leno, Francesco</subfield>
  </datafield>
  <datafield tag="791" ind1="0" ind2="0">
    <subfield code="a">Leniis, Franciscus de</subfield>
    <subfield code="3">IT\ICCU\CNCT\004698</subfield>
    <subfield code="z">Di_Leno, Francesco</subfield>
  </datafield>
  <datafield tag="791" ind1="0" ind2="0">
    <subfield code="a">Lenus, Franciscus</subfield>
    <subfield code="3">IT\ICCU\CNCT\004699</subfield>
    <subfield code="z">Di_Leno, Francesco</subfield>
  </datafield>
  <datafield tag="791" ind1="0" ind2="0">
    <subfield code="a">Aleni, Francesco</subfield>
    <subfield code="3">IT\ICCU\CNCT\006388</subfield>
    <subfield code="z">Di_Leno, Francesco</subfield>
  </datafield>
  <datafield tag="801" ind1=" " ind2="3">
    <subfield code="a">IT</subfield>
    <subfield code="b">ICCU</subfield>
    <subfield code="c">20201114</subfield>
  </datafield>
  <datafield tag="899" ind1=" " ind2=" ">
    <subfield code="a">Biblioteca comunale Planettiana. Jesi</subfield>
    <subfield code="1">AN0092</subfield>
    <subfield code="2">URB BC</subfield>
  </datafield>
  <datafield tag="899" ind1=" " ind2=" ">
    <subfield code="a">Biblioteca comunale Manfrediana. Faenza</subfield>
    <subfield code="z">MUTILO</subfield>
    <subfield code="1">RA0016</subfield>
    <subfield code="2">RAV FA</subfield>
  </datafield>
  <datafield tag="899" ind1=" " ind2=" ">
    <subfield code="a">Biblioteca comunale Salvatore Quasimodo. Modica</subfield>
    <subfield code="1">RG0007</subfield>
    <subfield code="2">ZRG 01</subfield>
  </datafield>
  <datafield tag="911" ind1=" " ind2=" ">
    <subfield code="a">sul front.</subfield>
    <subfield code="9">IT\ICCU\CNCM\000036</subfield>
  </datafield>
  <datafield tag="921" ind1=" " ind2=" ">
    <subfield code="a">IT\ICCU\CNCM\000036</subfield>
    <subfield code="b">Temperanza (donna che versa acqua da un&apos;anfora all&apos;altra). In cornice</subfield>
    <subfield code="e">1)Medium tenuere beati. 2) Reclusa est ianua vitae credenti Christo</subfield>
    <subfield code="c">Z1158</subfield>
    <subfield code="d">Dimensioni: 4,3 x 5,3</subfield>
    <subfield code="f">ACQUA</subfield>
    <subfield code="f">ANFORA</subfield>
    <subfield code="f">DONNA</subfield>
    <subfield code="f">IANUA</subfield>
    <subfield code="f">RECLUSA</subfield>
    <subfield code="g">[non prima del 1559]-[non dopo il 1570]</subfield>
  </datafield>
</record>
</collection>
